% \cite{imakaev2012iterative} , \cite{lieberman2009comprehensive} , \cite{wingett2015hicup} ,
% \cite{pmid21646344} , \cite{pmid19693276}
@article{imakaev2012iterative,
  title={Iterative correction of Hi-C data reveals hallmarks of chromosome organization},
  author={Imakaev, Maxim and Fudenberg, Geoffrey and McCord, Rachel Patton and Naumova, Natalia and Goloborodko, Anton and Lajoie, Bryan R and Dekker, Job and Mirny, Leonid A},
  journal={Nature methods},
  volume={9},
  number={10},
  pages={999},
  year={2012},
  publisher={Nature Publishing Group}
}

@article{lieberman2009comprehensive,
  title={Comprehensive mapping of long-range interactions reveals folding principles of the human genome},
  author={Lieberman-Aiden, Erez and Van Berkum, Nynke L and Williams, Louise and Imakaev, Maxim and Ragoczy, Tobias and Telling, Agnes and Amit, Ido and Lajoie, Bryan R and Sabo, Peter J and Dorschner, Michael O and others},
  journal={science},
  volume={326},
  number={5950},
  pages={289--293},
  year={2009},
  publisher={American Association for the Advancement of Science}
}

@article{wingett2015hicup,
  title={HiCUP: pipeline for mapping and processing Hi-C data},
  author={Wingett, Steven and Ewels, Philip and Furlan-Magaril, Mayra and Nagano, Takashi and Schoenfelder, Stefan and Fraser, Peter and Andrews, Simon},
  journal={F1000Research},
  volume={4},
  year={2015},
  publisher={Faculty of 1000 Ltd}
}

% 21646344
@article{pmid21646344,
   Author="Cheung, M. S.  and Down, T. A.  and Latorre, I.  and Ahringer, J. ",
   Title="{{S}ystematic bias in high-throughput sequencing data and its correction by {B}{E}{A}{D}{S}}",
   Journal="Nucleic Acids Res.",
   Year="2011",
   Volume="39",
   Number="15",
   Pages="e103",
   Month="Aug",
   Note={[PubMed Central:\href{https://www.ncbi.nlm.nih.gov/pmc/articles/PMC3159482}{PMC3159482}] [DOI:\href{https://dx.doi.org/10.1093/nar/gkr425}{10.1093/nar/gkr425}] [PubMed:\href{https://www.ncbi.nlm.nih.gov/pubmed/20824077}{20824077}] }
}

% 19693276
@article{pmid19693276,
   Author="Teytelman, L.  and Ozaydin, B.  and Zill, O.  and Lefrancois, P.  and Snyder, M.  and Rine, J.  and Eisen, M. B. ",
   Title="{{I}mpact of chromatin structures on {D}{N}{A} processing for genomic analyses}",
   Journal="PLoS ONE",
   Year="2009",
   Volume="4",
   Number="8",
   Pages="e6700",
   Month="Aug",
   Note={[PubMed Central:\href{https://www.ncbi.nlm.nih.gov/pmc/articles/PMC2725323}{PMC2725323}] [DOI:\href{https://dx.doi.org/10.1371/journal.pone.0006700}{10.1371/journal.pone.0006700}] [PubMed:\href{https://www.ncbi.nlm.nih.gov/pubmed/12067662}{12067662}] }
}

